%% This BibTeX bibliography file was created using BibDesk.
%% http://bibdesk.sourceforge.net/

%% Created for Subhajit Paul at 2020-02-12 00:32:44 +0530 


%% Saved with string encoding Unicode (UTF-8) 



@article{allen2006cradle,
  title={Cradle of a revolution? The industrial transformation of Louisiana's lower Mississippi river},
  author={Allen, Barbara L},
  journal={Technology and culture},
  volume={47},
  number={1},
  pages={112--119},
  year={2006},
  publisher={Johns Hopkins University Press}
}


@article{atherton2021missing,
  title={“Missing/Unspecified”: Demographic Data Visualization During the COVID-19 Pandemic},
  author={Atherton, Rachel},
  journal={Journal of Business and Technical Communication},
  volume={35},
  number={1},
  pages={80--87},
  year={2021},
  publisher={SAGE Publications Sage CA: Los Angeles, CA}
}


@book{bullard2018dumping,
  title={Dumping in Dixie: Race, class, and environmental quality},
  author={Bullard, Robert D},
  year={2018},
  publisher={Routledge}
}


@incollection{bullard2019environmental,
  title={Environmental blackmail in minority communities},
  author={Bullard, Robert},
  booktitle={Race and the incidence of environmental hazards},
  pages={82--95},
  year={2019},
  publisher={Routledge}
}


@article{castellon2021cancer,
  title={Cancer Alley and the Fight Against Environmental Racism},
  author={Castell{\'o}n, Idna G},
  journal={Vill. Envtl. LJ},
  volume={32},
  pages={15},
  year={2021},
  publisher={HeinOnline}
}


@online{Centers for Disease Control and Prevention,
  author = {Centers for Disease Control and Prevention},
  title = {{Data visualization. Centers for disease control and prevention},
  year = 2020b,
  url = {https://www.cdc.gov/coronavirus/2019-ncov/covid-data/data-visualization.htm},
  urldate = {2020-05-11}
}

@article{doucleff2020rich,
  title={How Rich Countries are’Hoarding’the World’s Vaccines},
  author={Doucleff, M},
  journal={Charts. Retrieved from. https://www. npr. org/sections/goatsandsoda/2020/12/03/9423037},
  volume={36},
  year={2020}
}


@article{gottlieb1981cancer,
  title={Cancer and drinking water in Louisiana: colon and rectum},
  author={Gottlieb, Marise S and Carr, Jean K and CARR, JEAAN K and Morriess, Daniel T},
  journal={International Journal of Epidemiology},
  volume={10},
  number={2},
  pages={117--126},
  year={1981},
  publisher={Oxford University Press}
}


@book{lerner2006diamond,
  title={Diamond: A struggle for environmental justice in Louisiana's chemical corridor},
  author={Lerner, Steve},
  year={2006},
  publisher={Mit Press}
}


@article{singer2011down,
  title={Down cancer alley: The lived experience of health and environmental suffering in Louisiana's chemical corridor},
  author={Singer, Merrill},
  journal={Medical Anthropology Quarterly},
  volume={25},
  number={2},
  pages={141--163},
  year={2011},
  publisher={Wiley Online Library}
}


@article{sreevalsan2020analysis,
  title={Analysis of clinical recovery-period and recovery rate estimation of the first 1000 COVID-19 patients in Singapore},
  author={Sreevalsan-Nair, Jaya and Vangimalla, Reddy Rani and Ghogale, Pritesh Rajesh},
  journal={medRxiv},
  year={2020},
  publisher={Cold Spring Harbor Laboratory Press}
}


